%YAML 1.1
%TAG !u! tag:unity3d.com,2011:
--- !u!1001 &100100000
Prefab:
  m_ObjectHideFlags: 1
  serializedVersion: 2
  m_Modification:
    m_TransformParent: {fileID: 0}
    m_Modifications: []
    m_RemovedComponents: []
  m_ParentPrefab: {fileID: 0}
  m_RootGameObject: {fileID: 1725895838019454}
  m_IsPrefabParent: 1
--- !u!1 &1026806963954284
GameObject:
  m_ObjectHideFlags: 1
  m_PrefabParentObject: {fileID: 0}
  m_PrefabInternal: {fileID: 100100000}
  serializedVersion: 5
  m_Component:
  - component: {fileID: 4190087625954410}
  m_Layer: 0
  m_Name: RigSpine1
  m_TagString: Untagged
  m_Icon: {fileID: 0}
  m_NavMeshLayer: 0
  m_StaticEditorFlags: 0
  m_IsActive: 1
--- !u!1 &1033540239750180
GameObject:
  m_ObjectHideFlags: 1
  m_PrefabParentObject: {fileID: 0}
  m_PrefabInternal: {fileID: 100100000}
  serializedVersion: 5
  m_Component:
  - component: {fileID: 4739373754584624}
  m_Layer: 0
  m_Name: RigLArm2Gizmo
  m_TagString: Untagged
  m_Icon: {fileID: 0}
  m_NavMeshLayer: 0
  m_StaticEditorFlags: 0
  m_IsActive: 1
--- !u!1 &1082194112104854
GameObject:
  m_ObjectHideFlags: 1
  m_PrefabParentObject: {fileID: 0}
  m_PrefabInternal: {fileID: 100100000}
  serializedVersion: 5
  m_Component:
  - component: {fileID: 4305824704544304}
  m_Layer: 0
  m_Name: RigNeck2
  m_TagString: Untagged
  m_Icon: {fileID: 0}
  m_NavMeshLayer: 0
  m_StaticEditorFlags: 0
  m_IsActive: 1
--- !u!1 &1133889478256022
GameObject:
  m_ObjectHideFlags: 1
  m_PrefabParentObject: {fileID: 0}
  m_PrefabInternal: {fileID: 100100000}
  serializedVersion: 5
  m_Component:
  - component: {fileID: 4673384124234446}
  m_Layer: 0
  m_Name: RigRArmPalm
  m_TagString: Untagged
  m_Icon: {fileID: 0}
  m_NavMeshLayer: 0
  m_StaticEditorFlags: 0
  m_IsActive: 1
--- !u!1 &1146076010429832
GameObject:
  m_ObjectHideFlags: 1
  m_PrefabParentObject: {fileID: 0}
  m_PrefabInternal: {fileID: 100100000}
  serializedVersion: 5
  m_Component:
  - component: {fileID: 4708215192478930}
  m_Layer: 0
  m_Name: RigLLeg2
  m_TagString: Untagged
  m_Icon: {fileID: 0}
  m_NavMeshLayer: 0
  m_StaticEditorFlags: 0
  m_IsActive: 1
--- !u!1 &1152081778677702
GameObject:
  m_ObjectHideFlags: 1
  m_PrefabParentObject: {fileID: 0}
  m_PrefabInternal: {fileID: 100100000}
  serializedVersion: 5
  m_Component:
  - component: {fileID: 4410475580000746}
  m_Layer: 0
  m_Name: RigSpine2
  m_TagString: Untagged
  m_Icon: {fileID: 0}
  m_NavMeshLayer: 0
  m_StaticEditorFlags: 0
  m_IsActive: 1
--- !u!1 &1156173147223360
GameObject:
  m_ObjectHideFlags: 1
  m_PrefabParentObject: {fileID: 0}
  m_PrefabInternal: {fileID: 100100000}
  serializedVersion: 5
  m_Component:
  - component: {fileID: 4537668649313946}
  m_Layer: 0
  m_Name: RigRLeg1
  m_TagString: Untagged
  m_Icon: {fileID: 0}
  m_NavMeshLayer: 0
  m_StaticEditorFlags: 0
  m_IsActive: 1
--- !u!1 &1181045242869080
GameObject:
  m_ObjectHideFlags: 1
  m_PrefabParentObject: {fileID: 0}
  m_PrefabInternal: {fileID: 100100000}
  serializedVersion: 5
  m_Component:
  - component: {fileID: 4232609805972068}
  m_Layer: 0
  m_Name: RigRArm2Gizmo
  m_TagString: Untagged
  m_Icon: {fileID: 0}
  m_NavMeshLayer: 0
  m_StaticEditorFlags: 0
  m_IsActive: 1
--- !u!1 &1202026302202010
GameObject:
  m_ObjectHideFlags: 1
  m_PrefabParentObject: {fileID: 0}
  m_PrefabInternal: {fileID: 100100000}
  serializedVersion: 5
  m_Component:
  - component: {fileID: 4881708229277088}
  m_Layer: 0
  m_Name: RigSpine3
  m_TagString: Untagged
  m_Icon: {fileID: 0}
  m_NavMeshLayer: 0
  m_StaticEditorFlags: 0
  m_IsActive: 1
--- !u!1 &1223367052650562
GameObject:
  m_ObjectHideFlags: 0
  m_PrefabParentObject: {fileID: 0}
  m_PrefabInternal: {fileID: 100100000}
  serializedVersion: 5
  m_Component:
  - component: {fileID: 4632037221093944}
  - component: {fileID: 95078001959362406}
  m_Layer: 0
  m_Name: EnemyVisual
  m_TagString: Untagged
  m_Icon: {fileID: 0}
  m_NavMeshLayer: 0
  m_StaticEditorFlags: 0
  m_IsActive: 1
--- !u!1 &1228453537679944
GameObject:
  m_ObjectHideFlags: 1
  m_PrefabParentObject: {fileID: 0}
  m_PrefabInternal: {fileID: 100100000}
  serializedVersion: 5
  m_Component:
  - component: {fileID: 4380384842315324}
  m_Layer: 0
  m_Name: RigLArmPalmGizmo
  m_TagString: Untagged
  m_Icon: {fileID: 0}
  m_NavMeshLayer: 0
  m_StaticEditorFlags: 0
  m_IsActive: 1
--- !u!1 &1230075105505668
GameObject:
  m_ObjectHideFlags: 1
  m_PrefabParentObject: {fileID: 0}
  m_PrefabInternal: {fileID: 100100000}
  serializedVersion: 5
  m_Component:
  - component: {fileID: 4670097313206088}
  m_Layer: 0
  m_Name: RigRLegAnkle
  m_TagString: Untagged
  m_Icon: {fileID: 0}
  m_NavMeshLayer: 0
  m_StaticEditorFlags: 0
  m_IsActive: 1
--- !u!1 &1233505353725968
GameObject:
  m_ObjectHideFlags: 1
  m_PrefabParentObject: {fileID: 0}
  m_PrefabInternal: {fileID: 100100000}
  serializedVersion: 5
  m_Component:
  - component: {fileID: 4183126378323398}
  m_Layer: 0
  m_Name: RigLArm1Gizmo
  m_TagString: Untagged
  m_Icon: {fileID: 0}
  m_NavMeshLayer: 0
  m_StaticEditorFlags: 0
  m_IsActive: 1
--- !u!1 &1391660083751036
GameObject:
  m_ObjectHideFlags: 1
  m_PrefabParentObject: {fileID: 0}
  m_PrefabInternal: {fileID: 100100000}
  serializedVersion: 5
  m_Component:
  - component: {fileID: 4837821145616052}
  m_Layer: 0
  m_Name: RigHead
  m_TagString: Untagged
  m_Icon: {fileID: 0}
  m_NavMeshLayer: 0
  m_StaticEditorFlags: 0
  m_IsActive: 1
--- !u!1 &1414932910593274
GameObject:
  m_ObjectHideFlags: 1
  m_PrefabParentObject: {fileID: 0}
  m_PrefabInternal: {fileID: 100100000}
  serializedVersion: 5
  m_Component:
  - component: {fileID: 4163917376158212}
  m_Layer: 0
  m_Name: RigRibcage
  m_TagString: Untagged
  m_Icon: {fileID: 0}
  m_NavMeshLayer: 0
  m_StaticEditorFlags: 0
  m_IsActive: 1
--- !u!1 &1414985252449032
GameObject:
  m_ObjectHideFlags: 1
  m_PrefabParentObject: {fileID: 0}
  m_PrefabInternal: {fileID: 100100000}
  serializedVersion: 5
  m_Component:
  - component: {fileID: 4774131779482502}
  m_Layer: 0
  m_Name: RigLLegPlatform
  m_TagString: Untagged
  m_Icon: {fileID: 0}
  m_NavMeshLayer: 0
  m_StaticEditorFlags: 0
  m_IsActive: 1
--- !u!1 &1427410912803928
GameObject:
  m_ObjectHideFlags: 1
  m_PrefabParentObject: {fileID: 0}
  m_PrefabInternal: {fileID: 100100000}
  serializedVersion: 5
  m_Component:
  - component: {fileID: 4678922473854530}
  m_Layer: 0
  m_Name: RigPelvisGizmo
  m_TagString: Untagged
  m_Icon: {fileID: 0}
  m_NavMeshLayer: 0
  m_StaticEditorFlags: 0
  m_IsActive: 1
--- !u!1 &1474400860776252
GameObject:
  m_ObjectHideFlags: 1
  m_PrefabParentObject: {fileID: 0}
  m_PrefabInternal: {fileID: 100100000}
  serializedVersion: 5
  m_Component:
  - component: {fileID: 4984267275656040}
  m_Layer: 0
  m_Name: RigLArm2
  m_TagString: Untagged
  m_Icon: {fileID: 0}
  m_NavMeshLayer: 0
  m_StaticEditorFlags: 0
  m_IsActive: 1
--- !u!1 &1477682235974742
GameObject:
  m_ObjectHideFlags: 1
  m_PrefabParentObject: {fileID: 0}
  m_PrefabInternal: {fileID: 100100000}
  serializedVersion: 5
  m_Component:
  - component: {fileID: 4428451129521520}
  m_Layer: 0
  m_Name: RigRArm2
  m_TagString: Untagged
  m_Icon: {fileID: 0}
  m_NavMeshLayer: 0
  m_StaticEditorFlags: 0
  m_IsActive: 1
--- !u!1 &1479966745761434
GameObject:
  m_ObjectHideFlags: 0
  m_PrefabParentObject: {fileID: 0}
  m_PrefabInternal: {fileID: 100100000}
  serializedVersion: 5
  m_Component:
  - component: {fileID: 4450608906382688}
  - component: {fileID: 135934977199055012}
  - component: {fileID: 114700318521024132}
  m_Layer: 10
  m_Name: AttackRange
  m_TagString: Untagged
  m_Icon: {fileID: 0}
  m_NavMeshLayer: 0
  m_StaticEditorFlags: 0
  m_IsActive: 1
--- !u!1 &1563886375962828
GameObject:
  m_ObjectHideFlags: 1
  m_PrefabParentObject: {fileID: 0}
  m_PrefabInternal: {fileID: 100100000}
  serializedVersion: 5
  m_Component:
  - component: {fileID: 4507860191205790}
  m_Layer: 0
  m_Name: Rig
  m_TagString: Untagged
  m_Icon: {fileID: 0}
  m_NavMeshLayer: 0
  m_StaticEditorFlags: 0
  m_IsActive: 1
--- !u!1 &1594182925529440
GameObject:
  m_ObjectHideFlags: 1
  m_PrefabParentObject: {fileID: 0}
  m_PrefabInternal: {fileID: 100100000}
  serializedVersion: 5
  m_Component:
  - component: {fileID: 4034145310141602}
  m_Layer: 0
  m_Name: RigLArmPalm
  m_TagString: Untagged
  m_Icon: {fileID: 0}
  m_NavMeshLayer: 0
  m_StaticEditorFlags: 0
  m_IsActive: 1
--- !u!1 &1598777507146792
GameObject:
  m_ObjectHideFlags: 1
  m_PrefabParentObject: {fileID: 0}
  m_PrefabInternal: {fileID: 100100000}
  serializedVersion: 5
  m_Component:
  - component: {fileID: 4193895547558882}
  m_Layer: 0
  m_Name: RigRArm1Gizmo
  m_TagString: Untagged
  m_Icon: {fileID: 0}
  m_NavMeshLayer: 0
  m_StaticEditorFlags: 0
  m_IsActive: 1
--- !u!1 &1612450115062714
GameObject:
  m_ObjectHideFlags: 1
  m_PrefabParentObject: {fileID: 0}
  m_PrefabInternal: {fileID: 100100000}
  serializedVersion: 5
  m_Component:
  - component: {fileID: 4991247384905622}
  - component: {fileID: 137311110433277382}
  m_Layer: 0
  m_Name: Boximon Fiery
  m_TagString: Untagged
  m_Icon: {fileID: 0}
  m_NavMeshLayer: 0
  m_StaticEditorFlags: 0
  m_IsActive: 1
--- !u!1 &1619924821598148
GameObject:
  m_ObjectHideFlags: 1
  m_PrefabParentObject: {fileID: 0}
  m_PrefabInternal: {fileID: 100100000}
  serializedVersion: 5
  m_Component:
  - component: {fileID: 4593182188925858}
  m_Layer: 0
  m_Name: RigLArm1
  m_TagString: Untagged
  m_Icon: {fileID: 0}
  m_NavMeshLayer: 0
  m_StaticEditorFlags: 0
  m_IsActive: 1
--- !u!1 &1642190115108318
GameObject:
  m_ObjectHideFlags: 1
  m_PrefabParentObject: {fileID: 0}
  m_PrefabInternal: {fileID: 100100000}
  serializedVersion: 5
  m_Component:
  - component: {fileID: 4636479865072444}
  m_Layer: 0
  m_Name: RigRibcageGizmo
  m_TagString: Untagged
  m_Icon: {fileID: 0}
  m_NavMeshLayer: 0
  m_StaticEditorFlags: 0
  m_IsActive: 1
--- !u!1 &1652501835544538
GameObject:
  m_ObjectHideFlags: 1
  m_PrefabParentObject: {fileID: 0}
  m_PrefabInternal: {fileID: 100100000}
  serializedVersion: 5
  m_Component:
  - component: {fileID: 4959507970406806}
  m_Layer: 0
  m_Name: RigRArm1
  m_TagString: Untagged
  m_Icon: {fileID: 0}
  m_NavMeshLayer: 0
  m_StaticEditorFlags: 0
  m_IsActive: 1
--- !u!1 &1667467441990120
GameObject:
  m_ObjectHideFlags: 1
  m_PrefabParentObject: {fileID: 0}
  m_PrefabInternal: {fileID: 100100000}
  serializedVersion: 5
  m_Component:
  - component: {fileID: 4283227911242436}
  m_Layer: 0
  m_Name: RigRLeg2
  m_TagString: Untagged
  m_Icon: {fileID: 0}
  m_NavMeshLayer: 0
  m_StaticEditorFlags: 0
  m_IsActive: 1
--- !u!1 &1725895838019454
GameObject:
  m_ObjectHideFlags: 0
  m_PrefabParentObject: {fileID: 0}
  m_PrefabInternal: {fileID: 100100000}
  serializedVersion: 5
  m_Component:
  - component: {fileID: 4332258801497614}
  - component: {fileID: 114357118529062612}
  - component: {fileID: 54598626012285684}
  - component: {fileID: 136057729817098808}
  - component: {fileID: 65692077451212008}
  - component: {fileID: 195961283231448420}
  m_Layer: 10
  m_Name: Enemy_A
  m_TagString: Enemy
  m_Icon: {fileID: 0}
  m_NavMeshLayer: 0
  m_StaticEditorFlags: 0
  m_IsActive: 1
--- !u!1 &1726271449977068
GameObject:
  m_ObjectHideFlags: 0
  m_PrefabParentObject: {fileID: 0}
  m_PrefabInternal: {fileID: 100100000}
  serializedVersion: 5
  m_Component:
  - component: {fileID: 4799376062481652}
  m_Layer: 10
  m_Name: HitPosition
  m_TagString: Untagged
  m_Icon: {fileID: 0}
  m_NavMeshLayer: 0
  m_StaticEditorFlags: 0
  m_IsActive: 1
--- !u!1 &1768138999571598
GameObject:
  m_ObjectHideFlags: 1
  m_PrefabParentObject: {fileID: 0}
  m_PrefabInternal: {fileID: 100100000}
  serializedVersion: 5
  m_Component:
  - component: {fileID: 4937587256172106}
  m_Layer: 0
  m_Name: RigRArmPalmGizmo
  m_TagString: Untagged
  m_Icon: {fileID: 0}
  m_NavMeshLayer: 0
  m_StaticEditorFlags: 0
  m_IsActive: 1
--- !u!1 &1769190526731842
GameObject:
  m_ObjectHideFlags: 1
  m_PrefabParentObject: {fileID: 0}
  m_PrefabInternal: {fileID: 100100000}
  serializedVersion: 5
  m_Component:
  - component: {fileID: 4184650059615188}
  m_Layer: 0
  m_Name: RigLLeg1
  m_TagString: Untagged
  m_Icon: {fileID: 0}
  m_NavMeshLayer: 0
  m_StaticEditorFlags: 0
  m_IsActive: 1
--- !u!1 &1886496678822182
GameObject:
  m_ObjectHideFlags: 1
  m_PrefabParentObject: {fileID: 0}
  m_PrefabInternal: {fileID: 100100000}
  serializedVersion: 5
  m_Component:
  - component: {fileID: 4602702148657114}
  m_Layer: 0
  m_Name: RigRLegPlatform
  m_TagString: Untagged
  m_Icon: {fileID: 0}
  m_NavMeshLayer: 0
  m_StaticEditorFlags: 0
  m_IsActive: 1
--- !u!1 &1916684679381248
GameObject:
  m_ObjectHideFlags: 1
  m_PrefabParentObject: {fileID: 0}
  m_PrefabInternal: {fileID: 100100000}
  serializedVersion: 5
  m_Component:
  - component: {fileID: 4880248799023976}
  m_Layer: 0
  m_Name: RigNeck1
  m_TagString: Untagged
  m_Icon: {fileID: 0}
  m_NavMeshLayer: 0
  m_StaticEditorFlags: 0
  m_IsActive: 1
--- !u!1 &1919901458777184
GameObject:
  m_ObjectHideFlags: 1
  m_PrefabParentObject: {fileID: 0}
  m_PrefabInternal: {fileID: 100100000}
  serializedVersion: 5
  m_Component:
  - component: {fileID: 4099306649862250}
  m_Layer: 0
  m_Name: RigLLegAnkle
  m_TagString: Untagged
  m_Icon: {fileID: 0}
  m_NavMeshLayer: 0
  m_StaticEditorFlags: 0
  m_IsActive: 1
--- !u!1 &1953143345873672
GameObject:
  m_ObjectHideFlags: 1
  m_PrefabParentObject: {fileID: 0}
  m_PrefabInternal: {fileID: 100100000}
  serializedVersion: 5
  m_Component:
  - component: {fileID: 4774058057736388}
  m_Layer: 0
  m_Name: RigJaw
  m_TagString: Untagged
  m_Icon: {fileID: 0}
  m_NavMeshLayer: 0
  m_StaticEditorFlags: 0
  m_IsActive: 1
--- !u!1 &1965198193919104
GameObject:
  m_ObjectHideFlags: 1
  m_PrefabParentObject: {fileID: 0}
  m_PrefabInternal: {fileID: 100100000}
  serializedVersion: 5
  m_Component:
  - component: {fileID: 4205070927248014}
  m_Layer: 0
  m_Name: RigPelvis
  m_TagString: Untagged
  m_Icon: {fileID: 0}
  m_NavMeshLayer: 0
  m_StaticEditorFlags: 0
  m_IsActive: 1
--- !u!4 &4034145310141602
Transform:
  m_ObjectHideFlags: 1
  m_PrefabParentObject: {fileID: 0}
  m_PrefabInternal: {fileID: 100100000}
  m_GameObject: {fileID: 1594182925529440}
  m_LocalRotation: {x: 0.71057713, y: 0.0039851596, z: 0.036403805, w: 0.70266575}
  m_LocalPosition: {x: -0.12425049, y: -0.0000017166137, z: 0.0000004959106}
  m_LocalScale: {x: 0.9999983, y: 1.0000005, z: 1.0000008}
  m_Children: []
  m_Father: {fileID: 4984267275656040}
  m_RootOrder: 0
  m_LocalEulerAnglesHint: {x: 73.05004, y: -20.341518, z: 9.830804}
--- !u!4 &4099306649862250
Transform:
  m_ObjectHideFlags: 1
  m_PrefabParentObject: {fileID: 0}
  m_PrefabInternal: {fileID: 100100000}
  m_GameObject: {fileID: 1919901458777184}
  m_LocalRotation: {x: -0.017065015, y: 0.024035856, z: -0.3596313, w: 0.93262875}
  m_LocalPosition: {x: -0.08285238, y: 0, z: 0.000000019073486}
  m_LocalScale: {x: 1.0000001, y: 1.0000001, z: 0.9999999}
  m_Children: []
  m_Father: {fileID: 4708215192478930}
  m_RootOrder: 0
  m_LocalEulerAnglesHint: {x: 5.3985243, y: 1.831039, z: -37.00574}
--- !u!4 &4163917376158212
Transform:
  m_ObjectHideFlags: 1
  m_PrefabParentObject: {fileID: 0}
  m_PrefabInternal: {fileID: 100100000}
  m_GameObject: {fileID: 1414932910593274}
  m_LocalRotation: {x: -7.1054274e-15, y: -1.3271574e-14, z: -7.1054274e-15, w: 1}
  m_LocalPosition: {x: -0.08259887, y: 0, z: 2.0319617e-15}
  m_LocalScale: {x: 1, y: 1, z: 1}
  m_Children:
  - {fileID: 4593182188925858}
  - {fileID: 4880248799023976}
  - {fileID: 4959507970406806}
  m_Father: {fileID: 4881708229277088}
  m_RootOrder: 0
  m_LocalEulerAnglesHint: {x: -0.29873836, y: -0.46153864, z: -0.3781366}
--- !u!4 &4183126378323398
Transform:
  m_ObjectHideFlags: 1
  m_PrefabParentObject: {fileID: 0}
  m_PrefabInternal: {fileID: 100100000}
  m_GameObject: {fileID: 1233505353725968}
  m_LocalRotation: {x: 0.7157745, y: 0.0033453172, z: 0.037727166, w: 0.6973037}
  m_LocalPosition: {x: -0.36017916, y: 0.5147992, z: -0.14383373}
  m_LocalScale: {x: 1, y: 1, z: 0.9999999}
  m_Children: []
  m_Father: {fileID: 4632037221093944}
  m_RootOrder: 2
  m_LocalEulerAnglesHint: {x: 64.77731, y: 156.06047, z: 156.9182}
--- !u!4 &4184650059615188
Transform:
  m_ObjectHideFlags: 1
  m_PrefabParentObject: {fileID: 0}
  m_PrefabInternal: {fileID: 100100000}
  m_GameObject: {fileID: 1769190526731842}
  m_LocalRotation: {x: 0.022995614, y: 0.99876827, z: -0.043459903, w: -0.006665349}
  m_LocalPosition: {x: -0.005475483, y: 0.000000028607337, z: 0.20675251}
  m_LocalScale: {x: 0.99999994, y: 0.9999999, z: 1.0000001}
  m_Children:
  - {fileID: 4708215192478930}
  m_Father: {fileID: 4205070927248014}
  m_RootOrder: 0
  m_LocalEulerAnglesHint: {x: 3.5291944, y: 177.53232, z: 127.01519}
--- !u!4 &4190087625954410
Transform:
  m_ObjectHideFlags: 1
  m_PrefabParentObject: {fileID: 0}
  m_PrefabInternal: {fileID: 100100000}
  m_GameObject: {fileID: 1026806963954284}
  m_LocalRotation: {x: 1.4210856e-14, y: 2.5571745e-14, z: 1.4210855e-14, w: 1}
  m_LocalPosition: {x: -0, y: 0, z: 0}
  m_LocalScale: {x: 1, y: 1, z: 1}
  m_Children:
  - {fileID: 4410475580000746}
  m_Father: {fileID: 4205070927248014}
  m_RootOrder: 2
  m_LocalEulerAnglesHint: {x: -0.30013263, y: -0.48944706, z: -0.3734601}
--- !u!4 &4193895547558882
Transform:
  m_ObjectHideFlags: 1
  m_PrefabParentObject: {fileID: 0}
  m_PrefabInternal: {fileID: 100100000}
  m_GameObject: {fileID: 1598777507146792}
  m_LocalRotation: {x: 0.02553275, y: 0.69723946, z: 0.7163244, w: -0.009198048}
  m_LocalPosition: {x: 0.36017925, y: 0.51479924, z: -0.1438336}
  m_LocalScale: {x: 0.99999994, y: 0.99999994, z: 0.9999999}
  m_Children: []
  m_Father: {fileID: 4632037221093944}
  m_RootOrder: 8
  m_LocalEulerAnglesHint: {x: -79.23671, y: 68.709435, z: 125.686295}
--- !u!4 &4205070927248014
Transform:
  m_ObjectHideFlags: 1
  m_PrefabParentObject: {fileID: 0}
  m_PrefabInternal: {fileID: 100100000}
  m_GameObject: {fileID: 1965198193919104}
  m_LocalRotation: {x: 0.50000006, y: -0.50000006, z: -0.49999997, w: 0.49999997}
  m_LocalPosition: {x: 3.5697133e-14, y: 0.21609424, z: -0.00000013477928}
  m_LocalScale: {x: 1, y: 1, z: 1}
  m_Children:
  - {fileID: 4184650059615188}
  - {fileID: 4537668649313946}
  - {fileID: 4190087625954410}
  m_Father: {fileID: 4632037221093944}
  m_RootOrder: 6
  m_LocalEulerAnglesHint: {x: 4.755901, y: -92.93789, z: -90.20632}
--- !u!4 &4232609805972068
Transform:
  m_ObjectHideFlags: 1
  m_PrefabParentObject: {fileID: 0}
  m_PrefabInternal: {fileID: 100100000}
  m_GameObject: {fileID: 1181045242869080}
  m_LocalRotation: {x: -0.0067831106, y: 0.70313805, z: 0.7101699, w: 0.034780413}
  m_LocalPosition: {x: 0.5004597, y: 0.51164854, z: -0.15077451}
  m_LocalScale: {x: 1.0000006, y: 0.9999996, z: 0.9999998}
  m_Children: []
  m_Father: {fileID: 4632037221093944}
  m_RootOrder: 9
  m_LocalEulerAnglesHint: {x: -79.50258, y: 74.30371, z: 80.946175}
--- !u!4 &4283227911242436
Transform:
  m_ObjectHideFlags: 1
  m_PrefabParentObject: {fileID: 0}
  m_PrefabInternal: {fileID: 100100000}
  m_GameObject: {fileID: 1667467441990120}
  m_LocalRotation: {x: 0.03631189, y: 0.030106394, z: 0.13800639, w: 0.9893075}
  m_LocalPosition: {x: -0.07796982, y: 0.0000000023841857, z: 0}
  m_LocalScale: {x: 0.9999998, y: 1.0000002, z: 1}
  m_Children:
  - {fileID: 4670097313206088}
  m_Father: {fileID: 4537668649313946}
  m_RootOrder: 0
  m_LocalEulerAnglesHint: {x: 0.53111374, y: 6.076227, z: 76.78069}
--- !u!4 &4305824704544304
Transform:
  m_ObjectHideFlags: 1
  m_PrefabParentObject: {fileID: 0}
  m_PrefabInternal: {fileID: 100100000}
  m_GameObject: {fileID: 1082194112104854}
  m_LocalRotation: {x: 0, y: 1.2300171e-14, z: -0, w: 1}
  m_LocalPosition: {x: -0.061144635, y: -9.094947e-15, z: 1.5041787e-15}
  m_LocalScale: {x: 1, y: 1, z: 1}
  m_Children:
  - {fileID: 4837821145616052}
  m_Father: {fileID: 4880248799023976}
  m_RootOrder: 0
  m_LocalEulerAnglesHint: {x: 1.4822347, y: 2.927958, z: 9.259074}
--- !u!4 &4332258801497614
Transform:
  m_ObjectHideFlags: 1
  m_PrefabParentObject: {fileID: 0}
  m_PrefabInternal: {fileID: 100100000}
  m_GameObject: {fileID: 1725895838019454}
  m_LocalRotation: {x: 0, y: 0.8972969, z: -0, w: -0.44142756}
  m_LocalPosition: {x: 5.22, y: 0.15999997, z: 1.43}
  m_LocalScale: {x: 1.0000002, y: 1, z: 1.0000002}
  m_Children:
  - {fileID: 4632037221093944}
  - {fileID: 4450608906382688}
  - {fileID: 4799376062481652}
  m_Father: {fileID: 0}
  m_RootOrder: 0
  m_LocalEulerAnglesHint: {x: 0, y: 232.39, z: 0}
--- !u!4 &4380384842315324
Transform:
  m_ObjectHideFlags: 1
  m_PrefabParentObject: {fileID: 0}
  m_PrefabInternal: {fileID: 100100000}
  m_GameObject: {fileID: 1228453537679944}
  m_LocalRotation: {x: 0.99993896, y: -0.0034321435, z: -0.0010557185, w: -0.010448063}
  m_LocalPosition: {x: -0.6243982, y: 0.5017704, z: -0.1435024}
  m_LocalScale: {x: 0.99999917, y: 1.0000002, z: 1.0000004}
  m_Children: []
  m_Father: {fileID: 4632037221093944}
  m_RootOrder: 4
  m_LocalEulerAnglesHint: {x: 13.430975, y: -122.716225, z: -173.83162}
--- !u!4 &4410475580000746
Transform:
  m_ObjectHideFlags: 1
  m_PrefabParentObject: {fileID: 0}
  m_PrefabInternal: {fileID: 100100000}
  m_GameObject: {fileID: 1152081778677702}
  m_LocalRotation: {x: -7.1054274e-15, y: 1.2300172e-14, z: -7.1054274e-15, w: 1}
  m_LocalPosition: {x: -0.08259887, y: 0, z: 2.0319596e-15}
  m_LocalScale: {x: 1, y: 1, z: 1}
  m_Children:
  - {fileID: 4881708229277088}
  m_Father: {fileID: 4190087625954410}
  m_RootOrder: 0
  m_LocalEulerAnglesHint: {x: -2.3721676, y: -2.8890235, z: -3.8368418}
--- !u!4 &4428451129521520
Transform:
  m_ObjectHideFlags: 1
  m_PrefabParentObject: {fileID: 0}
  m_PrefabInternal: {fileID: 100100000}
  m_GameObject: {fileID: 1477682235974742}
  m_LocalRotation: {x: 0.0076924055, y: -0.0077258525, z: -0.05413024, w: 0.99847436}
  m_LocalPosition: {x: -0.14048733, y: 0.00000043869017, z: 0.000000114440915}
  m_LocalScale: {x: 1.0000008, y: 0.9999992, z: 0.9999997}
  m_Children:
  - {fileID: 4673384124234446}
  m_Father: {fileID: 4959507970406806}
  m_RootOrder: 0
  m_LocalEulerAnglesHint: {x: 0.83200455, y: -0.93187463, z: -39.29111}
--- !u!4 &4450608906382688
Transform:
  m_ObjectHideFlags: 1
  m_PrefabParentObject: {fileID: 0}
  m_PrefabInternal: {fileID: 100100000}
  m_GameObject: {fileID: 1479966745761434}
  m_LocalRotation: {x: 0, y: 0, z: 0, w: 1}
  m_LocalPosition: {x: 0, y: 0, z: 0}
  m_LocalScale: {x: 1, y: 1, z: 1}
  m_Children: []
  m_Father: {fileID: 4332258801497614}
  m_RootOrder: 1
  m_LocalEulerAnglesHint: {x: 0, y: 0, z: 0}
--- !u!4 &4507860191205790
Transform:
  m_ObjectHideFlags: 1
  m_PrefabParentObject: {fileID: 0}
  m_PrefabInternal: {fileID: 100100000}
  m_GameObject: {fileID: 1563886375962828}
  m_LocalRotation: {x: 0.50000006, y: -0.50000006, z: -0.49999997, w: 0.49999997}
  m_LocalPosition: {x: -0, y: 0, z: 0}
  m_LocalScale: {x: 1, y: 1, z: 1}
  m_Children: []
  m_Father: {fileID: 4632037221093944}
  m_RootOrder: 1
  m_LocalEulerAnglesHint: {x: 0, y: -90.00001, z: -90}
--- !u!4 &4537668649313946
Transform:
  m_ObjectHideFlags: 1
  m_PrefabParentObject: {fileID: 0}
  m_PrefabInternal: {fileID: 100100000}
  m_GameObject: {fileID: 1156173147223360}
  m_LocalRotation: {x: 0.02295626, y: 0.998769, z: 0.04352096, w: 0.006284271}
  m_LocalPosition: {x: -0.005475464, y: 0.00000003769539, z: -0.20675251}
  m_LocalScale: {x: 0.9999999, y: 1.0000001, z: 1}
  m_Children:
  - {fileID: 4283227911242436}
  m_Father: {fileID: 4205070927248014}
  m_RootOrder: 1
  m_LocalEulerAnglesHint: {x: 17.419827, y: 126.591255, z: -10.694554}
--- !u!4 &4593182188925858
Transform:
  m_ObjectHideFlags: 1
  m_PrefabParentObject: {fileID: 0}
  m_PrefabInternal: {fileID: 100100000}
  m_GameObject: {fileID: 1619924821598148}
  m_LocalRotation: {x: 0.02644954, y: 0.7270756, z: 0.007930812, w: 0.68600196}
  m_LocalPosition: {x: -0.050908353, y: -0.14383349, z: 0.36017922}
  m_LocalScale: {x: 1, y: 1, z: 0.9999999}
  m_Children:
  - {fileID: 4984267275656040}
  m_Father: {fileID: 4163917376158212}
  m_RootOrder: 0
  m_LocalEulerAnglesHint: {x: 13.571549, y: 104.17157, z: 3.7126637}
--- !u!4 &4602702148657114
Transform:
  m_ObjectHideFlags: 1
  m_PrefabParentObject: {fileID: 0}
  m_PrefabInternal: {fileID: 100100000}
  m_GameObject: {fileID: 1886496678822182}
  m_LocalRotation: {x: 0.50000006, y: -0.50000006, z: -0.49999997, w: 0.49999997}
  m_LocalPosition: {x: 0.21196501, y: -2.2015032e-14, z: -0.00000004587017}
  m_LocalScale: {x: 1, y: 1, z: 1}
  m_Children: []
  m_Father: {fileID: 4632037221093944}
  m_RootOrder: 12
  m_LocalEulerAnglesHint: {x: 0, y: -90.00001, z: -90}
--- !u!4 &4632037221093944
Transform:
  m_ObjectHideFlags: 1
  m_PrefabParentObject: {fileID: 0}
  m_PrefabInternal: {fileID: 100100000}
  m_GameObject: {fileID: 1223367052650562}
  m_LocalRotation: {x: 0, y: 0, z: 0, w: 1}
  m_LocalPosition: {x: 0, y: 0, z: 0}
  m_LocalScale: {x: 1, y: 1, z: 1}
  m_Children:
  - {fileID: 4991247384905622}
  - {fileID: 4507860191205790}
  - {fileID: 4183126378323398}
  - {fileID: 4739373754584624}
  - {fileID: 4380384842315324}
  - {fileID: 4774131779482502}
  - {fileID: 4205070927248014}
  - {fileID: 4678922473854530}
  - {fileID: 4193895547558882}
  - {fileID: 4232609805972068}
  - {fileID: 4937587256172106}
  - {fileID: 4636479865072444}
  - {fileID: 4602702148657114}
  m_Father: {fileID: 4332258801497614}
  m_RootOrder: 0
  m_LocalEulerAnglesHint: {x: 0, y: 0, z: 0}
--- !u!4 &4636479865072444
Transform:
  m_ObjectHideFlags: 1
  m_PrefabParentObject: {fileID: 0}
  m_PrefabInternal: {fileID: 100100000}
  m_GameObject: {fileID: 1642190115108318}
  m_LocalRotation: {x: 0.50000006, y: -0.50000006, z: -0.49999997, w: 0.49999997}
  m_LocalPosition: {x: 3.5697133e-14, y: 0.46389088, z: -0.00000017515049}
  m_LocalScale: {x: 1, y: 1, z: 1}
  m_Children: []
  m_Father: {fileID: 4632037221093944}
  m_RootOrder: 11
  m_LocalEulerAnglesHint: {x: -2.135198, y: -87.221886, z: -99.09342}
--- !u!4 &4670097313206088
Transform:
  m_ObjectHideFlags: 1
  m_PrefabParentObject: {fileID: 0}
  m_PrefabInternal: {fileID: 100100000}
  m_GameObject: {fileID: 1230075105505668}
  m_LocalRotation: {x: 0.016438993, y: -0.023838101, z: -0.35959694, w: 0.9326583}
  m_LocalPosition: {x: -0.08285151, y: 0, z: 0}
  m_LocalScale: {x: 1.0000002, y: 0.9999998, z: 1.0000001}
  m_Children: []
  m_Father: {fileID: 4283227911242436}
  m_RootOrder: 0
  m_LocalEulerAnglesHint: {x: 30.125088, y: 30.805822, z: -87.71735}
--- !u!4 &4673384124234446
Transform:
  m_ObjectHideFlags: 1
  m_PrefabParentObject: {fileID: 0}
  m_PrefabInternal: {fileID: 100100000}
  m_GameObject: {fileID: 1133889478256022}
  m_LocalRotation: {x: -0.7105696, y: -0.0039761644, z: 0.036398366, w: 0.7026736}
  m_LocalPosition: {x: -0.12425094, y: 0.00000061035155, z: 0.00000022888183}
  m_LocalScale: {x: 1.0000007, y: 0.9999997, z: 0.9999996}
  m_Children: []
  m_Father: {fileID: 4428451129521520}
  m_RootOrder: 0
  m_LocalEulerAnglesHint: {x: -60.62301, y: 9.200778, z: 6.4197702}
--- !u!4 &4678922473854530
Transform:
  m_ObjectHideFlags: 1
  m_PrefabParentObject: {fileID: 0}
  m_PrefabInternal: {fileID: 100100000}
  m_GameObject: {fileID: 1427410912803928}
  m_LocalRotation: {x: 0.50000006, y: -0.50000006, z: -0.49999997, w: 0.49999997}
  m_LocalPosition: {x: 3.5697133e-14, y: 0.21609424, z: -0.00000013477928}
  m_LocalScale: {x: 1, y: 1, z: 1}
  m_Children: []
  m_Father: {fileID: 4632037221093944}
  m_RootOrder: 7
  m_LocalEulerAnglesHint: {x: 4.755901, y: -92.93789, z: -90.20632}
--- !u!4 &4708215192478930
Transform:
  m_ObjectHideFlags: 1
  m_PrefabParentObject: {fileID: 0}
  m_PrefabInternal: {fileID: 100100000}
  m_GameObject: {fileID: 1146076010429832}
  m_LocalRotation: {x: -0.03571201, y: -0.030772407, z: 0.13795444, w: 0.9893161}
  m_LocalPosition: {x: -0.07797092, y: 0.000000007152557, z: -0.000000057220458}
  m_LocalScale: {x: 1, y: 0.9999999, z: 1.0000001}
  m_Children:
  - {fileID: 4099306649862250}
  m_Father: {fileID: 4184650059615188}
  m_RootOrder: 0
  m_LocalEulerAnglesHint: {x: -6.6789637, y: 0.2293344, z: 9.696514}
--- !u!4 &4739373754584624
Transform:
  m_ObjectHideFlags: 1
  m_PrefabParentObject: {fileID: 0}
  m_PrefabInternal: {fileID: 100100000}
  m_GameObject: {fileID: 1033540239750180}
  m_LocalRotation: {x: 0.71017355, y: 0.034777917, z: -0.0067789196, w: 0.70313454}
  m_LocalPosition: {x: -0.50045955, y: 0.5067234, z: -0.15077548}
  m_LocalScale: {x: 0.9999985, y: 1.0000011, z: 1.0000002}
  m_Children: []
  m_Father: {fileID: 4632037221093944}
  m_RootOrder: 3
  m_LocalEulerAnglesHint: {x: 65.70765, y: 155.66357, z: 98.28687}
--- !u!4 &4774058057736388
Transform:
  m_ObjectHideFlags: 1
  m_PrefabParentObject: {fileID: 0}
  m_PrefabInternal: {fileID: 100100000}
  m_GameObject: {fileID: 1953143345873672}
  m_LocalRotation: {x: -4.019437e-14, y: -0.0000001376788, z: -0.7071068, w: 0.7071068}
  m_LocalPosition: {x: 0.29302263, y: -0.0015577746, z: 3.032923e-10}
  m_LocalScale: {x: 1, y: 1, z: 1}
  m_Children: []
  m_Father: {fileID: 4837821145616052}
  m_RootOrder: 0
  m_LocalEulerAnglesHint: {x: 1.3446834, y: -0.0033768564, z: -81.837265}
--- !u!4 &4774131779482502
Transform:
  m_ObjectHideFlags: 1
  m_PrefabParentObject: {fileID: 0}
  m_PrefabInternal: {fileID: 100100000}
  m_GameObject: {fileID: 1414985252449032}
  m_LocalRotation: {x: 0.50000006, y: -0.50000006, z: -0.49999997, w: 0.49999997}
  m_LocalPosition: {x: -0.21196501, y: -1.0762594e-14, z: -0.00000010988182}
  m_LocalScale: {x: 1, y: 1, z: 1}
  m_Children: []
  m_Father: {fileID: 4632037221093944}
  m_RootOrder: 5
  m_LocalEulerAnglesHint: {x: 1.7873764, y: -102.13263, z: -79.47711}
--- !u!4 &4799376062481652
Transform:
  m_ObjectHideFlags: 1
  m_PrefabParentObject: {fileID: 0}
  m_PrefabInternal: {fileID: 100100000}
  m_GameObject: {fileID: 1726271449977068}
  m_LocalRotation: {x: 0, y: 0, z: 0, w: 1}
  m_LocalPosition: {x: 0, y: 0.6, z: 0}
  m_LocalScale: {x: 1, y: 1, z: 1}
  m_Children: []
  m_Father: {fileID: 4332258801497614}
  m_RootOrder: 2
  m_LocalEulerAnglesHint: {x: 0, y: 0, z: 0}
--- !u!4 &4837821145616052
Transform:
  m_ObjectHideFlags: 1
  m_PrefabParentObject: {fileID: 0}
  m_PrefabInternal: {fileID: 100100000}
  m_GameObject: {fileID: 1391660083751036}
  m_LocalRotation: {x: -7.1054274e-15, y: -1.3271574e-14, z: -7.1054274e-15, w: 1}
  m_LocalPosition: {x: -0.061144635, y: 0, z: 1.5041809e-15}
  m_LocalScale: {x: 1, y: 1, z: 1}
  m_Children:
  - {fileID: 4774058057736388}
  m_Father: {fileID: 4305824704544304}
  m_RootOrder: 0
  m_LocalEulerAnglesHint: {x: 0.4010596, y: 0.34848586, z: 1.0062541}
--- !u!4 &4880248799023976
Transform:
  m_ObjectHideFlags: 1
  m_PrefabParentObject: {fileID: 0}
  m_PrefabInternal: {fileID: 100100000}
  m_GameObject: {fileID: 1916684679381248}
  m_LocalRotation: {x: 7.10543e-15, y: 2.5571745e-14, z: 7.1054274e-15, w: 1}
  m_LocalPosition: {x: -0, y: 0, z: 0}
  m_LocalScale: {x: 1, y: 1, z: 1}
  m_Children:
  - {fileID: 4305824704544304}
  m_Father: {fileID: 4163917376158212}
  m_RootOrder: 1
  m_LocalEulerAnglesHint: {x: 0.3635962, y: 0.89815414, z: 3.202795}
--- !u!4 &4881708229277088
Transform:
  m_ObjectHideFlags: 1
  m_PrefabParentObject: {fileID: 0}
  m_PrefabInternal: {fileID: 100100000}
  m_GameObject: {fileID: 1202026302202010}
  m_LocalRotation: {x: 0, y: 1.2300171e-14, z: -0, w: 1}
  m_LocalPosition: {x: -0.08259887, y: 0, z: 2.0319596e-15}
  m_LocalScale: {x: 1, y: 1, z: 1}
  m_Children:
  - {fileID: 4163917376158212}
  m_Father: {fileID: 4410475580000746}
  m_RootOrder: 0
  m_LocalEulerAnglesHint: {x: -2.3590412, y: -3.161155, z: -3.8304787}
--- !u!4 &4937587256172106
Transform:
  m_ObjectHideFlags: 1
  m_PrefabParentObject: {fileID: 0}
  m_PrefabInternal: {fileID: 100100000}
  m_GameObject: {fileID: 1768138999571598}
  m_LocalRotation: {x: -0.0010608853, y: -0.010442871, z: 0.999939, w: -0.0034331465}
  m_LocalPosition: {x: 0.62439847, y: 0.50669575, z: -0.14350022}
  m_LocalScale: {x: 1.0000004, y: 0.9999999, z: 0.99999976}
  m_Children: []
  m_Father: {fileID: 4632037221093944}
  m_RootOrder: 10
  m_LocalEulerAnglesHint: {x: -31.186949, y: -23.99198, z: -175.00458}
--- !u!4 &4959507970406806
Transform:
  m_ObjectHideFlags: 1
  m_PrefabParentObject: {fileID: 0}
  m_PrefabInternal: {fileID: 100100000}
  m_GameObject: {fileID: 1652501835544538}
  m_LocalRotation: {x: -0.026904246, y: -0.71494925, z: 0.007826746, w: 0.6986147}
  m_LocalPosition: {x: -0.05090843, y: -0.14383349, z: -0.36017922}
  m_LocalScale: {x: 0.99999994, y: 1, z: 0.9999999}
  m_Children:
  - {fileID: 4428451129521520}
  m_Father: {fileID: 4163917376158212}
  m_RootOrder: 2
  m_LocalEulerAnglesHint: {x: 4.5429807, y: -97.08646, z: 10.9297285}
--- !u!4 &4984267275656040
Transform:
  m_ObjectHideFlags: 1
  m_PrefabParentObject: {fileID: 0}
  m_PrefabInternal: {fileID: 100100000}
  m_GameObject: {fileID: 1474400860776252}
  m_LocalRotation: {x: -0.0067392723, y: -0.009745513, z: -0.053767517, w: 0.9984832}
  m_LocalPosition: {x: -0.14068405, y: -0.0000011444091, z: 0.00000019073485}
  m_LocalScale: {x: 0.9999977, y: 1.0000018, z: 1.0000002}
  m_Children:
  - {fileID: 4034145310141602}
  m_Father: {fileID: 4593182188925858}
  m_RootOrder: 0
  m_LocalEulerAnglesHint: {x: -0.8319318, y: -1.0738078, z: -58.028984}
--- !u!4 &4991247384905622
Transform:
  m_ObjectHideFlags: 1
  m_PrefabParentObject: {fileID: 0}
  m_PrefabInternal: {fileID: 100100000}
  m_GameObject: {fileID: 1612450115062714}
  m_LocalRotation: {x: -0.7071068, y: 0, z: -0, w: 0.7071068}
  m_LocalPosition: {x: -0, y: 0, z: -0.00000006397558}
  m_LocalScale: {x: 1, y: 1, z: 1}
  m_Children: []
  m_Father: {fileID: 4632037221093944}
  m_RootOrder: 0
  m_LocalEulerAnglesHint: {x: 0, y: 0, z: 0}
--- !u!54 &54598626012285684
Rigidbody:
  m_ObjectHideFlags: 1
  m_PrefabParentObject: {fileID: 0}
  m_PrefabInternal: {fileID: 100100000}
  m_GameObject: {fileID: 1725895838019454}
  serializedVersion: 2
  m_Mass: 1
  m_Drag: 0
  m_AngularDrag: 0.05
  m_UseGravity: 0
  m_IsKinematic: 1
  m_Interpolate: 0
  m_Constraints: 0
  m_CollisionDetection: 0
--- !u!65 &65692077451212008
BoxCollider:
  m_ObjectHideFlags: 1
  m_PrefabParentObject: {fileID: 0}
  m_PrefabInternal: {fileID: 100100000}
  m_GameObject: {fileID: 1725895838019454}
  m_Material: {fileID: 0}
  m_IsTrigger: 1
  m_Enabled: 1
  serializedVersion: 2
  m_Size: {x: 0.8, y: 1, z: 0.8}
  m_Center: {x: 0, y: 0.6, z: 0}
--- !u!95 &95078001959362406
Animator:
  serializedVersion: 3
  m_ObjectHideFlags: 1
  m_PrefabParentObject: {fileID: 0}
  m_PrefabInternal: {fileID: 100100000}
  m_GameObject: {fileID: 1223367052650562}
  m_Enabled: 1
  m_Avatar: {fileID: 9000000, guid: abbe107ec1d70fa4eab488d6de4e77e7, type: 3}
  m_Controller: {fileID: 9100000, guid: 5919b42675ed41e4ab9c483f13279a8c, type: 2}
  m_CullingMode: 1
  m_UpdateMode: 0
  m_ApplyRootMotion: 0
  m_LinearVelocityBlending: 0
  m_WarningMessage: 
  m_HasTransformHierarchy: 1
  m_AllowConstantClipSamplingOptimization: 1
--- !u!114 &114357118529062612
MonoBehaviour:
  m_ObjectHideFlags: 1
  m_PrefabParentObject: {fileID: 0}
  m_PrefabInternal: {fileID: 100100000}
  m_GameObject: {fileID: 1725895838019454}
  m_Enabled: 1
  m_EditorHideFlags: 0
  m_Script: {fileID: 11500000, guid: 596b6f3ea75ebfc4d888289d3f560947, type: 3}
  m_Name: 
  m_EditorClassIdentifier: 
  vidaAtual: 120
  vidaMax: 120
  ataque: 10
  dead: 0
  stop: 0
  agent: {fileID: 195961283231448420}
  targetingType: 1
  currentTarget: {fileID: 0}
  targetInRange: 0
  attackDelay: 1
  hitPosition: {fileID: 4799376062481652}
  invulnerableTime: 0.3
  anim: {fileID: 95078001959362406}
--- !u!114 &114700318521024132
MonoBehaviour:
  m_ObjectHideFlags: 1
  m_PrefabParentObject: {fileID: 0}
  m_PrefabInternal: {fileID: 100100000}
  m_GameObject: {fileID: 1479966745761434}
  m_Enabled: 1
  m_EditorHideFlags: 0
  m_Script: {fileID: 11500000, guid: 70a922bdb479fc04a991acee81d6d6c7, type: 3}
  m_Name: 
  m_EditorClassIdentifier: 
  enemy: {fileID: 114357118529062612}
--- !u!135 &135934977199055012
SphereCollider:
  m_ObjectHideFlags: 1
  m_PrefabParentObject: {fileID: 0}
  m_PrefabInternal: {fileID: 100100000}
  m_GameObject: {fileID: 1479966745761434}
  m_Material: {fileID: 0}
  m_IsTrigger: 1
  m_Enabled: 1
  serializedVersion: 2
  m_Radius: 1.25
  m_Center: {x: 0, y: 0, z: 0}
--- !u!136 &136057729817098808
CapsuleCollider:
  m_ObjectHideFlags: 1
  m_PrefabParentObject: {fileID: 0}
  m_PrefabInternal: {fileID: 100100000}
  m_GameObject: {fileID: 1725895838019454}
  m_Material: {fileID: 0}
  m_IsTrigger: 0
  m_Enabled: 1
  m_Radius: 0.4
  m_Height: 1.5
  m_Direction: 1
  m_Center: {x: 0, y: 0.99, z: 0}
--- !u!137 &137311110433277382
SkinnedMeshRenderer:
  m_ObjectHideFlags: 1
  m_PrefabParentObject: {fileID: 0}
  m_PrefabInternal: {fileID: 100100000}
  m_GameObject: {fileID: 1612450115062714}
  m_Enabled: 1
  m_CastShadows: 1
  m_ReceiveShadows: 1
  m_DynamicOccludee: 1
  m_MotionVectors: 1
  m_LightProbeUsage: 1
  m_ReflectionProbeUsage: 1
  m_Materials:
  - {fileID: 2100000, guid: f55e328d374bdc3438826093e7caa374, type: 2}
  m_StaticBatchInfo:
    firstSubMesh: 0
    subMeshCount: 0
  m_StaticBatchRoot: {fileID: 0}
  m_ProbeAnchor: {fileID: 0}
  m_LightProbeVolumeOverride: {fileID: 0}
  m_ScaleInLightmap: 1
  m_PreserveUVs: 0
  m_IgnoreNormalsForChartDetection: 0
  m_ImportantGI: 0
  m_StitchLightmapSeams: 0
  m_SelectedEditorRenderState: 3
  m_MinimumChartSize: 4
  m_AutoUVMaxDistance: 0.5
  m_AutoUVMaxAngle: 89
  m_LightmapParameters: {fileID: 0}
  m_SortingLayerID: 0
  m_SortingLayer: 0
  m_SortingOrder: 0
  serializedVersion: 2
  m_Quality: 0
  m_UpdateWhenOffscreen: 0
  m_SkinnedMotionVectors: 1
  m_Mesh: {fileID: 4300000, guid: abbe107ec1d70fa4eab488d6de4e77e7, type: 3}
  m_Bones:
  - {fileID: 4670097313206088}
  - {fileID: 4837821145616052}
  - {fileID: 4537668649313946}
  - {fileID: 4205070927248014}
  - {fileID: 4673384124234446}
  - {fileID: 4959507970406806}
  - {fileID: 4428451129521520}
  - {fileID: 4283227911242436}
  - {fileID: 4099306649862250}
  - {fileID: 4708215192478930}
  - {fileID: 4034145310141602}
  - {fileID: 4984267275656040}
  - {fileID: 4593182188925858}
  - {fileID: 4184650059615188}
  - {fileID: 4774058057736388}
  - {fileID: 4305824704544304}
  - {fileID: 4163917376158212}
  - {fileID: 4880248799023976}
  - {fileID: 4410475580000746}
  - {fileID: 4881708229277088}
  m_BlendShapeWeights: []
  m_RootBone: {fileID: 4205070927248014}
  m_AABB:
    m_Center: {x: -0.37303326, y: 0.06247446, z: -0.0000024437904}
    m_Extent: {x: 0.6532576, y: 0.37862855, z: 0.8032105}
  m_DirtyAABB: 0
--- !u!195 &195961283231448420
NavMeshAgent:
  m_ObjectHideFlags: 1
  m_PrefabParentObject: {fileID: 0}
  m_PrefabInternal: {fileID: 100100000}
  m_GameObject: {fileID: 1725895838019454}
  m_Enabled: 1
  m_AgentTypeID: 0
  m_Radius: 0.25
  m_Speed: 1
  m_Acceleration: 8
  avoidancePriority: 50
  m_AngularSpeed: 120
  m_StoppingDistance: 1.2
  m_AutoTraverseOffMeshLink: 1
  m_AutoBraking: 1
  m_AutoRepath: 1
  m_Height: 1
  m_BaseOffset: -0.02
  m_WalkableMask: 3
  m_ObstacleAvoidanceType: 1
